@ARTICLE{su2014differential,
   author = {{Su}, W. and {Boyd}, S. and {Candes}, E.~J.},
    title = "{A Differential Equation for Modeling Nesterov's Accelerated Gradient Method: Theory and Insights}",
  journal = {ArXiv e-prints},
archivePrefix = "arXiv",
   eprint = {1503.01243},
 primaryClass = "stat.ML",
 keywords = {Statistics - Machine Learning, Mathematics - Classical Analysis and ODEs, Mathematics - Optimization and Control},
     year = 2015,
    month = mar,
   adsurl = {http://adsabs.harvard.edu/abs/2015arXiv150301243S},
  adsnote = {Provided by the SAO/NASA Astrophysics Data System}
}


@article{wibisono2016variational,
  title={A Variational Perspective on Accelerated Methods in Optimization},
  author={Wibisono, Andre and Wilson, Ashia C and Jordan, Michael I},
  journal={arXiv preprint arXiv:1603.04245},
  year={2016}
}
@article{blair1985problem,
  title={Problem Complexity and Method Efficiency in Optimization},
  author={Nemirovsky, A. and Yudin, D.},
  journal={SIAM Review},
  volume={27},
  number={2},
  pages={264},
  year={1985},
  publisher={Society for Industrial and Applied Mathematics}
}

@article{qin2012structured,
  title={Structured sparsity via alternating direction methods},
  author={Qin, Zhiwei and Goldfarb, Donald},
  journal={Journal of Machine Learning Research},
  volume={13},
  number={May},
  pages={1435--1468},
  year={2012}
}

@article{sutskever2013importance,
  title={On the importance of initialization and momentum in deep learning.},
  author={Sutskever, Ilya and Martens, James and Dahl, George E and Hinton, Geoffrey E},
  journal={ICML (3)},
  volume={28},
  pages={1139--1147},
  year={2013}
}

@article{becker2011nesta,
  title={NESTA: a fast and accurate first-order method for sparse recovery},
  author={Becker, Stephen and Bobin, J{\'e}r{\^o}me and Cand{\`e}s, Emmanuel J},
  journal={SIAM Journal on Imaging Sciences},
  volume={4},
  number={1},
  pages={1--39},
  year={2011},
  publisher={SIAM}
}

@article{beck2009fast,
  title={A fast iterative shrinkage-thresholding algorithm for linear inverse problems},
  author={Beck, Amir and Teboulle, Marc},
  journal={SIAM journal on imaging sciences},
  volume={2},
  number={1},
  pages={183--202},
  year={2009},
  publisher={SIAM}
}

@article{DBLP:journals/ftml/Bubeck15,
  author    = {S{\'{e}}bastien Bubeck},
  title     = {Convex Optimization: Algorithms and Complexity},
  journal   = {Foundations and Trends in Machine Learning},
  volume    = {8},
  number    = {3-4},
  pages     = {231--357},
  year      = {2015},
  url       = {http://dx.doi.org/10.1561/2200000050},
  doi       = {10.1561/2200000050},
  timestamp = {Mon, 07 Dec 2015 13:53:15 +0100},
  biburl    = {http://dblp.uni-trier.de/rec/bib/journals/ftml/Bubeck15},
  bibsource = {dblp computer science bibliography, http://dblp.org}
}

@misc{nesterov2004introductory,
  title={Introductory Lectures on Convex Optimization. Applied Optimization, vol. 87},
  author={Nesterov, Yu},
  year={2004},
  publisher={Kluwer Academic Publishers, Boston}
}

@inproceedings{krichene2015accelerated,
  title={Accelerated mirror descent in continuous and discrete time},
  author={Krichene, Walid and Bayen, Alexandre and Bartlett, Peter L},
  booktitle={Advances in Neural Information Processing Systems},
  pages={2845--2853},
  year={2015}
}

@inproceedings{nesterov1983method,
  title={A method of solving a convex programming problem with convergence rate O (1/k2)},
  author={Nesterov, Yurii},
  booktitle={Soviet Mathematics Doklady},
  volume={27},
  number={2},
  pages={372--376},
  year={1983}
}

@book{hairer2006geometric,
  title={Geometric numerical integration: structure-preserving algorithms for ordinary differential equations},
  author={Hairer, Ernst and Lubich, Christian and Wanner, Gerhard},
  volume={31},
  year={2006},
  publisher={Springer Science \& Business Media}
}

@book{teschl2012ordinary,
  title={Ordinary differential equations and dynamical systems},
  author={Teschl, Gerald},
  volume={140},
  year={2012},
  publisher={American Mathematical Society Providence, RI}
}